@INPROCEEDINGS{Tika,  author={A. B. {Burgess} and C. A. {Mattmann}},  booktitle={Proceedings of the 2014 IEEE 15th International Conference on Information Reuse and Integration (IEEE IRI 2014)},   title={Automatically classifying and interpreting polar datasets with Apache Tika},   year={2014},  volume={},  number={},  pages={863-867},  doi={10.1109/IRI.2014.7051982}}

@book{tika_in_action, publisher={Manning}, title={Tika in Action}, year={2011}, author={Chris Mattmann, Jukka Zitting}, isbn={9781935182856}} 

@misc{apache_software_foundation_2020, url={https://tika.apache.org/}, journal={Apache Tika}, publisher={Apache}, author={Apache Software Foundation, ASF}, year={Retrieved 23rd of November 2020}, title={https://tika.apache.org/}} 

@inproceedings{smith2000software,
title={Software performance antipatterns},
author={Smith, Connie U and Williams, Lloyd G},
booktitle={Proceedings of the 2nd international workshop on Software and performance},
pages={127--136},
year={2000}
}

@article{riel1996object,
  title={Object-oriented design heuristics (Vol. 338)},
  author={Riel, Arthur J},
  journal={Reading: Addison-Wesley},
  year={1996}
}

@techreport{dresner1964maintenance,
  title={Maintenance, Maintainability, and System Requirements Engineering},
  author={Dresner, J and Borchers, KH},
  year={1964},
  institution={SAE Technical Paper}
}